
@inproceedings{pinho1,
author = "R. Pinho and J. Sijbers and W. Vos",
title = "Efficient approaches to intrathoracic airway tree segmentations",
booktitle = "Proceedings of the Biomedical Engineering IEEE/EMBS Benelux Symposium",
year = "2006",
volume = "2",
pages = "151-154",
address = "Brussels, Belgium",
month = "December",
}

@article{pinho2,
author = "R. Pinho and J. Sijbers and T. Huysmans",
title = "Segmentation of The Human Trachea Using Deformable Statistical Models of Tubular Shapes",
journal = "Lecture Notes in Computer Science",
year = "2007",
volume = "4678",
pages = "531-542",
month = "August",
}

@inproceedings{pinho3,
author = "R. Pinho and K. J. Batenburg and J. Sijbers",
title = "Seeing Through the Window: Pre-fetching for Out-of-core Image Processing Algorithms",
booktitle = "Proceedings of SPIE Medical Imaging",
year = "2008 {\tt (to appear)}",
month = "February",
}

@inproceedings{pinho4,
author = "R. Pinho and J. Sijbers and W. Vos and T. Huysmans",
title = "Tracheal Stent Prediction Using Statistical Deformable Models of Tubular Shapes",
booktitle = "Proceedings of SPIE Medical Imaging",
year = "2008 {\tt (to appear)}",
month = "February",
}
